@misc{lctifa,
    author       = {Tifa},
    title        = {Tifa's lecture & slice template},
    year         = {2022},
    publisher    = {GitHub},
    journal      = {GitHub Repository},
    howpublished = {\url{https://github.com/Tiphereth-A/LectureTemplate}}
}
