@misc{lctifa,
    author = {Tifa},
    title = {Tifa's lecture template},
    year = {2022},
    publisher = {GitHub},
    journal = {GitHub Repository},
    howpublished = {\url{https://github.com/Tiphereth-A/LectureTemplate}},
}